{
  "trades": [
    {
      "tradeId": "83fda629-4d6b-7513-17b9-f7582d3b3dcc",
      "ticker": "KXNFLANYTD-26JAN25NEDEN-NEHHENRY85",
      "price": 32,
      "count": 29,
      "yesPrice": 3200,
      "noPrice": 6800,
      "yesPriceDollars": "0.3200",
      "noPriceDollars": "0.6800",
      "takerSide": "yes",
      "createdTime": 1769367898
    },
    {
      "tradeId": "a79eec6c-44ef-7ef7-ad01-ad45f5d69ea5",
      "ticker": "KXNFLRSHYDS-26JAN25NEDEN-DENJSTIDHAM8-10",
      "price": 67,
      "count": 144,
      "yesPrice": 6700,
      "noPrice": 3300,
      "yesPriceDollars": "0.6700",
      "noPriceDollars": "0.3300",
      "takerSide": "yes",
      "createdTime": 1769367898
    },
    {
      "tradeId": "e949c14d-9bdd-77b6-ebbc-eade0c5b9001",
      "ticker": "KXNFLNFCCHAMP-25-LA",
      "price": 45,
      "count": 6,
      "yesPrice": 4500,
      "noPrice": 5500,
      "yesPriceDollars": "0.4500",
      "noPriceDollars": "0.5500",
      "takerSide": "yes",
      "createdTime": 1769367898
    },
    {
      "tradeId": "b6195808-a122-42e6-a571-3d1955b0e0b2",
      "ticker": "KXSNOWSTORM-26JANNYC-10.0",
      "price": 74,
      "count": 13,
      "yesPrice": 7400,
      "noPrice": 2600,
      "yesPriceDollars": "0.7400",
      "noPriceDollars": "0.2600",
      "takerSide": "no",
      "createdTime": 1769367898
    },
    {
      "tradeId": "97d3e3be-8b0d-5276-1857-ab1b5a3291a5",
      "ticker": "KXLALIGAGAME-26JAN25RSORCC-RCC",
      "price": 11,
      "count": 215,
      "yesPrice": 1100,
      "noPrice": 8900,
      "yesPriceDollars": "0.1100",
      "noPriceDollars": "0.8900",
      "takerSide": "no",
      "createdTime": 1769367897
    },
    {
      "tradeId": "7b8974ce-f835-77f8-eefa-86c1ad042e82",
      "ticker": "KXNFLAFCCHAMP-25-DEN",
      "price": 35,
      "count": 12,
      "yesPrice": 3500,
      "noPrice": 6500,
      "yesPriceDollars": "0.3500",
      "noPriceDollars": "0.6500",
      "takerSide": "yes",
      "createdTime": 1769367897
    },
    {
      "tradeId": "be8d88d6-c70f-7ef4-4ed4-b39ef935c84d",
      "ticker": "KXSPOTIFYALBUMRELEASEDATEKANYE-26JAN31",
      "price": 22,
      "count": 12,
      "yesPrice": 2200,
      "noPrice": 7800,
      "yesPriceDollars": "0.2200",
      "noPriceDollars": "0.7800",
      "takerSide": "yes",
      "createdTime": 1769367897
    },
    {
      "tradeId": "cb0bf4af-80e3-6a9b-dd72-118b767d20ac",
      "ticker": "KXMVESPORTSMULTIGAMEEXTENDED-S2025219761753D7-3BECBB15297",
      "price": 0,
      "count": 408,
      "yesPrice": 0,
      "noPrice": 9900,
      "yesPriceDollars": "0.0060",
      "noPriceDollars": "0.9940",
      "takerSide": "yes",
      "createdTime": 1769367897
    },
    {
      "tradeId": "c1b43c37-af59-6484-7787-5b4b5cd673ba",
      "ticker": "KXNFLAFCCHAMP-25-DEN",
      "price": 35,
      "count": 3,
      "yesPrice": 3500,
      "noPrice": 6500,
      "yesPriceDollars": "0.3500",
      "noPriceDollars": "0.6500",
      "takerSide": "yes",
      "createdTime": 1769367897
    },
    {
      "tradeId": "b1cb276c-715e-619a-248e-15a7e6e459fd",
      "ticker": "KXMVESPORTSMULTIGAMEEXTENDED-S20255A3E2B3A41E-CF43E12A068",
      "price": 31,
      "count": 147,
      "yesPrice": 3100,
      "noPrice": 6800,
      "yesPriceDollars": "0.3190",
      "noPriceDollars": "0.6810",
      "takerSide": "yes",
      "createdTime": 1769367897
    },
    {
      "tradeId": "27c7ed83-4099-4c9f-d1d4-bf1584e3fd3a",
      "ticker": "KXBTCD-26JAN2515-T86999.99",
      "price": 62,
      "count": 14,
      "yesPrice": 6200,
      "noPrice": 3800,
      "yesPriceDollars": "0.6200",
      "noPriceDollars": "0.3800",
      "takerSide": "no",
      "createdTime": 1769367897
    },
    {
      "tradeId": "3fc7c742-5d30-7678-8260-8186f5f919b6",
      "ticker": "KXMVESPORTSMULTIGAMEEXTENDED-S20257B16B02A725-5751CCA4F9B",
      "price": 1,
      "count": 1079,
      "yesPrice": 100,
      "noPrice": 9800,
      "yesPriceDollars": "0.0130",
      "noPriceDollars": "0.9870",
      "takerSide": "yes",
      "createdTime": 1769367897
    },
    {
      "tradeId": "3e694ef0-36b9-5468-efab-0871ac16cf2a",
      "ticker": "KXNFLAFCCHAMP-25-DEN",
      "price": 35,
      "count": 13,
      "yesPrice": 3500,
      "noPrice": 6500,
      "yesPriceDollars": "0.3500",
      "noPriceDollars": "0.6500",
      "takerSide": "yes",
      "createdTime": 1769367897
    },
    {
      "tradeId": "edb71557-bc29-515d-d9a2-81b38a5c0f13",
      "ticker": "KXNBAGAME-26JAN25SACDET-SAC",
      "price": 17,
      "count": 900,
      "yesPrice": 1700,
      "noPrice": 8300,
      "yesPriceDollars": "0.1700",
      "noPriceDollars": "0.8300",
      "takerSide": "yes",
      "createdTime": 1769367897
    },
    {
      "tradeId": "2a1f5331-2d3f-614b-e522-209eb213c155",
      "ticker": "KXNFLAFCCHAMP-25-DEN",
      "price": 34,
      "count": 100,
      "yesPrice": 3400,
      "noPrice": 6600,
      "yesPriceDollars": "0.3400",
      "noPriceDollars": "0.6600",
      "takerSide": "no",
      "createdTime": 1769367897
    },
    {
      "tradeId": "070ed405-a901-72e8-7e86-cd6f29887ef4",
      "ticker": "KXLALIGAGAME-26JAN25RSORCC-RSO",
      "price": 60,
      "count": 81,
      "yesPrice": 6000,
      "noPrice": 4000,
      "yesPriceDollars": "0.6000",
      "noPriceDollars": "0.4000",
      "takerSide": "yes",
      "createdTime": 1769367897
    },
    {
      "tradeId": "1f02ce62-2335-6c8f-b20f-c91b589a2c52",
      "ticker": "KXSNOWSTORM-26JANNYC-12.0",
      "price": 31,
      "count": 3,
      "yesPrice": 3100,
      "noPrice": 6900,
      "yesPriceDollars": "0.3100",
      "noPriceDollars": "0.6900",
      "takerSide": "yes",
      "createdTime": 1769367897
    },
    {
      "tradeId": "da700355-2e1a-46cc-f814-251f684dbca6",
      "ticker": "KXNFLAFCCHAMP-25-NE",
      "price": 66,
      "count": 5327,
      "yesPrice": 6600,
      "noPrice": 3400,
      "yesPriceDollars": "0.6600",
      "noPriceDollars": "0.3400",
      "takerSide": "yes",
      "createdTime": 1769367897
    },
    {
      "tradeId": "53712303-cbbe-4672-f548-1219235323b1",
      "ticker": "KXNCAAWBGAME-26JAN25KSUKU-KU",
      "price": 96,
      "count": 16,
      "yesPrice": 9600,
      "noPrice": 400,
      "yesPriceDollars": "0.9600",
      "noPriceDollars": "0.0400",
      "takerSide": "yes",
      "createdTime": 1769367897
    },
    {
      "tradeId": "2735ef70-812a-4784-cfd1-184479e10a6a",
      "ticker": "KXNCAAWBGAME-26JAN25KSUKU-KU",
      "price": 96,
      "count": 8,
      "yesPrice": 9600,
      "noPrice": 400,
      "yesPriceDollars": "0.9600",
      "noPriceDollars": "0.0400",
      "takerSide": "yes",
      "createdTime": 1769367897
    }
  ],
  "cursor": "EhIKECc173CBKkeEz9EYRHnhCmoaDAjZ0tnLBhCQnrrsAQ"
}
